<?xml version="1.0" encoding="UTF-8"?><collection xmlns="http://www.loc.gov/MARC21/slim"><record><leader>00289nam--2200121-i-4500</leader><controlfield tag="001">000034945</controlfield><controlfield tag="002">20161230</controlfield><controlfield tag="005">20161230201040</controlfield><controlfield tag="008">060222s1000------------r-----000-0-eng-d</controlfield><datafield ind1=" " ind2=" " tag="100"><subfield code="a">Namiki, Mikio</subfield></datafield><datafield ind1=" " ind2=" " tag="245"><subfield code="a">Ohba, ichire</subfield></datafield><datafield ind1=" " ind2=" " tag="260"><subfield code="a">Yap Sue-pin</subfield></datafield><datafield ind1=" " ind2=" " tag="490"><subfield code="a">Japonia, /F.Ed.Loc.An/ 30p. + 12 Fig</subfield></datafield></record></collection>